<?xml version="1.0" encoding="UTF-8"?><collection xmlns="http://www.loc.gov/MARC21/slim"><record><leader>00418nam--2200157-i-4500</leader><controlfield tag="001">000015738</controlfield><controlfield tag="002">20161230</controlfield><controlfield tag="005">20170219225439</controlfield><controlfield tag="008">060222s1000------------r-----000-0-eng-d</controlfield><datafield ind1=" " ind2=" " tag="100"><subfield code="a">Bulacovschi, Victor</subfield></datafield><datafield ind1=" " ind2=" " tag="245"><subfield code="a">Polimeri. Vol.II: Structura si proprietati</subfield></datafield><datafield ind1=" " ind2=" " tag="260"><subfield code="a">Bucuresti</subfield><subfield code="b">Editura Tehnica</subfield><subfield code="c">1986</subfield></datafield><datafield ind1=" " ind2=" " tag="300"><subfield code="a">383 p</subfield></datafield><datafield ind1=" " ind2=" " tag="700"><subfield code="a">Oprea, Cleopatra Vasiliu</subfield></datafield><datafield ind1=" " ind2=" " tag="852"><subfield code="a">678.744</subfield></datafield><datafield ind1=" " ind2=" " tag="CAT"><subfield code="a">SYS</subfield><subfield code="c">20170219</subfield><subfield code="h">225439</subfield></datafield></record></collection>